<record><leader>00000cas a22000007a 4500</leader><controlfield tag="001">1537929</controlfield><controlfield tag="008">750812d19001974mnuwr ne      0    0eng d</controlfield><datafield ind1=" " ind2=" " tag="010"><subfield code="a">sn 91059279 </subfield></datafield><datafield ind1=" " ind2=" " tag="040"><subfield code="a">MUL</subfield><subfield code="b">eng</subfield><subfield code="c">MUL</subfield><subfield code="d">OCL</subfield><subfield code="d">MN#</subfield><subfield code="d">OCLCQ</subfield><subfield code="d">OCLCF</subfield><subfield code="d">OCLCO</subfield></datafield><datafield ind1=" " ind2=" " tag="042"><subfield code="a">msc</subfield></datafield><datafield ind1=" " ind2=" " tag="043"><subfield code="a">n-us-mn</subfield></datafield><datafield ind1=" " ind2=" " tag="052"><subfield code="a">4144</subfield><subfield code="b">B95</subfield></datafield><datafield ind1=" " ind2=" " tag="052"><subfield code="a">4143</subfield><subfield code="b">W6</subfield></datafield><datafield ind1="0" ind2="0" tag="245"><subfield code="a">Butterfield advocate.</subfield></datafield><datafield ind1=" " ind2=" " tag="260"><subfield code="a">Butterfield, Watonwan County, Minn. :</subfield><subfield code="b">W.G. Finch,</subfield><subfield code="c">-1974.</subfield></datafield><datafield ind1=" " ind2=" " tag="300"><subfield code="a">v.</subfield></datafield><datafield ind1=" " ind2=" " tag="310"><subfield code="a">Weekly</subfield></datafield><datafield ind1="1" ind2=" " tag="362"><subfield code="a">Began in 1900?</subfield></datafield><datafield ind1="0" ind2=" " tag="362"><subfield code="a">-v. 77, no. 17 (Jan. 31, 1974).</subfield></datafield><datafield ind1=" " ind2=" " tag="515"><subfield code="a">Publication suspended with issue for July 19, 1945; resumed with issue for Feb. 7, 1946.</subfield></datafield><datafield ind1=" " ind2=" " tag="530"><subfield code="a">Available on microfilm from the Minnesota Historical Society.</subfield></datafield><datafield ind1=" " ind2=" " tag="588"><subfield code="a">Description based on: Vol. 8, no. 19 (Jan. 5, 1906).</subfield></datafield><datafield ind1=" " ind2="0" tag="651"><subfield code="a">Butterfield (Minn.)</subfield><subfield code="v">Newspapers.</subfield></datafield><datafield ind1=" " ind2="7" tag="655"><subfield code="a">Newspapers.</subfield><subfield code="2">fast</subfield><subfield code="0">(OCoLC)fst01423814</subfield></datafield><datafield ind1=" " ind2="7" tag="651"><subfield code="a">Minnesota</subfield><subfield code="z">Butterfield.</subfield><subfield code="2">fast</subfield><subfield code="0">(OCoLC)fst01261320</subfield></datafield><datafield ind1=" " ind2=" " tag="752"><subfield code="a">United States</subfield><subfield code="b">Minnesota</subfield><subfield code="c">Watonwan</subfield><subfield code="d">Butterfield.</subfield></datafield><datafield ind1="0" ind2="0" tag="780"><subfield code="t">Watonwan County advocate</subfield></datafield><datafield ind1="0" ind2="5" tag="780"><subfield code="t">Butterfield times</subfield></datafield><datafield ind1="0" ind2="7" tag="785"><subfield code="t">Mountain Lake observer</subfield><subfield code="w">(DLC)sn 91059334</subfield></datafield><datafield ind1="0" ind2="7" tag="785"><subfield code="t">Observer/advocate (Mountain Lake, Minn.)</subfield><subfield code="w">(DLC)sn 91059381</subfield></datafield></record>